
% FIRST

%PHYSICS BOOK
@article{physics_book,
    author =       "E. Kou et al.",
    title =        "{The Belle II Physics Book}.",
    journal =      "Progress of Theoretical and Experimental Physics",
    volume =       "2019",
    number =       "12",
    year =         "December 2019",
    DOI =          "https://doi.org/10.1093/ptep/ptz106",
    keywords =     "first"
}


% Belle II Technical Design Report 
@article{Belle-II:2010dht,
    author = "Abe, T. and others",
    collaboration = "Belle-II",
    title = "{Belle II Technical Design Report}",
    eprint = "1011.0352",
    archivePrefix = "arXiv",
    primaryClass = "physics.ins-det",
    reportNumber = "KEK-REPORT-2010-1",
    month = "11",
    year = "2010"
}


%ACCELERATOR DESIGN AT SUPERKEKB (2012)
@article{Ohnishi:2013fma,
    author = "Ohnishi, Yukiyoshi and others",
    title = "{Accelerator design at SuperKEKB}",
    doi = "10.1093/ptep/pts083",
    journal = "PTEP",
    volume = "2013",
    pages = "03A011",
    year = "2013"
}


%SuperB Technical Design Report
@article{SuperB:2013cxb,
    author = "Baszczyk, M. and others",
    collaboration = "SuperB",
    title = "{SuperB Technical Design Report}",
    eprint = "1306.5655",
    archivePrefix = "arXiv",
    primaryClass = "physics.ins-det",
    reportNumber = "INFN-13-01-PI, LAL-13-01, SLAC-R-1003",
    month = "6",
    year = "2013"
}


% Physics Achievements from the Belle Experiment
@article{Belle:2012iwr,
    author = "Brodzicka, Jolanta and others",
    collaboration = "Belle",
    title = "{Physics Achievements from the Belle Experiment}",
    eprint = "1212.5342",
    archivePrefix = "arXiv",
    primaryClass = "hep-ex",
    reportNumber = "KEK-REPORT-2012-5",
    doi = "10.1093/ptep/pts072",
    journal = "PTEP",
    volume = "2012",
    pages = "04D001",
    year = "2012"
}


% LAST RECORD LUMINOSITY 2022
@article{Ohnishi:2023tds,
    author = "Ohnishi, Y.",
    collaboration = "SuperKEKB, Belle II",
    title = "{Recent progress of SuperKEKB project and future prospect}",
    doi = "10.18429/JACoW-IPAC2023-TUOGB1",
    journal = "JACoW",
    volume = "IPAC2023",
    pages = "TUOGB1",
    year = "2023"
}


% BEAM INJECTION ISSUES
@article{Iida:2023soe,
    author = "Iida, N. and others",
    title = "{Beam injection issues at SuperKEKB}",
    doi = "10.18429/JACoW-IPAC2023-MOPL120",
    journal = "JACoW",
    volume = "IPAC2023",
    pages = "MOPL120",
    year = "2023"
}


%BEAM BACKGROUND EXPECTATIONS
@inproceedings{Natochii:2022vcs,
    author = "Natochii, A. and others",
    title = "{Beam background expectations for Belle II at SuperKEKB}",
    booktitle = "{Snowmass 2021}",
    eprint = "2203.05731",
    archivePrefix = "arXiv",
    primaryClass = "hep-ex",
    month = "3",
    year = "2022"
}


% DETECTOR FOR EXTREME LUMINOSITY
@article{Adachi:2018qme,
    author = "Adachi, I. and Browder, T. E. and Kri\v{z}an, P. and Tanaka, S. and Ushiroda, Y.",
    collaboration = "Belle-II",
    title = "{Detectors for extreme luminosity: Belle II}",
    doi = "10.1016/j.nima.2018.03.068",
    journal = "Nucl. Instrum. Meth. A",
    volume = "907",
    pages = "46--59",
    year = "2018"
}


% BELLE II DETECTOR UPGRADE
@inproceedings{Forti:2022mti,
    author = "Forti, Francesco",
    collaboration = "Belle-II",
    title = "{Snowmass Whitepaper: The Belle II Detector Upgrade Program}",
    booktitle = "{Snowmass 2021}",
    eprint = "2203.11349",
    archivePrefix = "arXiv",
    primaryClass = "hep-ex",
    month = "3",
    year = "2022"
}


% POLARIZED ELECTRON-BEAMS
@inproceedings{USBelleIIGroup:2022qro,
    author = "Asner, D. M. and others",
    collaboration = "US Belle II Group, Belle II/SuperKEKB e- Polarization Upgrade Working Group",
    title = "{Snowmass 2021 White Paper on Upgrading SuperKEKB with a Polarized Electron Beam: Discovery Potential and Proposed Implementation}",
    booktitle = "{Snowmass 2021}",
    eprint = "2205.12847",
    archivePrefix = "arXiv",
    primaryClass = "physics.acc-ph",
    month = "5",
    year = "2022"
}


@article{Liptak:2023rvu,
    author = "Liptak, Z. J.",
    title = "{Toward a new era of spin-polarized electron beams at SuperKEKB}",
    doi = "10.18429/JACoW-IPAC2023-MOPL073",
    journal = "JACoW",
    volume = "IPAC2023",
    pages = "MOPL073",
    year = "2023"
}



% SECOND

% Measured and projected beam backgrounds in the Belle II experiment at the SuperKEKB collider
@article{Natochii:2023thp,
    author = "Natochii, A. and others",
    title = "{Measured and projected beam backgrounds in the Belle~II experiment at the SuperKEKB collider}",
    eprint = "2302.01566",
    archivePrefix = "arXiv",
    primaryClass = "hep-ex",
    doi = "10.1016/j.nima.2023.168550",
    journal = "Nucl. Instrum. Meth. A",
    volume = "1055",
    pages = "168550",
    year = "2023"
}


%ALICE ITS2
@article{Fantoni:2020iyr,
    author = "Fantoni, Alessandra",
    editor = "Bravina, Larissa and Kabana, Sonia and Volkova, Victoria and Zakharov, Valentin Ivanovitch",
    collaboration = "ALICE",
    title = "{Upgrade of the ALICE inner tracking system: Construction and commissioning}",
    doi = "10.1088/1402-4896/aba0f7",
    journal = "Phys. Scripta",
    volume = "95",
    number = "8",
    pages = "084011",
    year = "2020"
}


%DuTiP
@article{Ishikawa:2020gpo,
    author = "Ishikawa, Akimasa and others",
    title = "{New pixel detector concept DuTiP for Belle~II upgrade and the ILC with an SOI technology}",
    doi = "10.1016/j.nima.2020.164404",
    journal = "Nucl. Instrum. Meth. A",
    volume = "978",
    pages = "164404",
    year = "2020"
}


% ALPIDE pixel sensor
@article{AGLIERIRINELLA2017583,
    author = "Aglieri Rinella, Gianluca",
    editor = "Badurek, G. and Bergauer, T. and Dragicevic, M. and Friedl, M. and Jeitler, M. and Krammer, M. and Schieck, J. and Schwanda, C.",
    collaboration = "ALICE",
    title = "{The ALPIDE pixel sensor chip for the upgrade of the ALICE Inner Tracking System}",
    doi = "10.1016/j.nima.2016.05.016",
    journal = "Nucl. Instrum. Meth. A",
    volume = "845",
    pages = "583--587",
    year = "2017"
}


%SOFIST
@article{Murayama:2020ujz,
    author = "Murayama, Hitoshi and others",
    title = "{Development of monolithic SOI pixel sensors capable of fine measurements of space and time}",
    doi = "10.1016/j.nima.2020.164417",
    journal = "Nucl. Instrum. Meth. A",
    volume = "978",
    pages = "164417",
    year = "2020"
}


% THIRD

% A review of advances in pixel detectors
@article{Garcia-Sciveres:2017ymt,
    author = "Garcia-Sciveres, Maurice and Wermes, Norbert",
    title = "{A review of advances in pixel detectors for experiments with high rate and radiation}",
    eprint = "1705.10150",
    archivePrefix = "arXiv",
    primaryClass = "physics.ins-det",
    doi = "10.1088/1361-6633/aab064",
    journal = "Rept. Prog. Phys.",
    volume = "81",
    number = "6",
    pages = "066101",
    year = "2018"
}


% COMMISSIONING OF PXD
@article{Ye:2019kmw,
    author = "Ye, Hua",
    collaboration = "DEPFET, Belle II PXD",
    title = "{Commissioning of the Belle II Pixel Vertex Detector}",
    doi = "10.22323/1.364.0122",
    journal = "PoS",
    volume = "EPS-HEP2019",
    pages = "122",
    year = "2020"
}


% WERMES-KOLANOSKI
@incollection{wermes_book2020,
    author = {Kolanoski, Hermann and Wermes, Norbert},
    isbn = {9780198858362},
    title = "{1Introduction}",
    booktitle = "{Particle Detectors: Fundamentals and Applications}",
    publisher = {Oxford University Press},
    year = {2020},
    month = {06},
    abstract = "{The detection of elementary particles nuclei and high-energetic electromagnetic radiation – in this book collectively called ‘particles’ – occurs through the interaction of particles with matter. This introduction gives a short overview of the relevant interactions and the apparatuses with which the particles are detected. Finally the literature on similar subjects is pointed to and the goal and the layout of the book are explained.}",
    doi = {10.1093/oso/9780198858362.003.0001},
    url = {https://doi.org/10.1093/oso/9780198858362.003.0001},
    %eprint = {https://academic.oup.com/book/0/chapter/365027446/chapter-pdf/50270332/oso-9780198858362-chapter-1.pdf},
}


% STAR EXPERIMENT
@article{Greiner:2013tva,
    author = "Greiner, L. and Anderssen, E. C. and Ritter, H. G. and Silber, J. and Stezelberger, T. and Sun, X. and Vu, C. Q. and Wieman, H. H. and Schambach, J. and Szelezniak, M.",
    title = "{A MAPS based pixel vertex detector for the STAR experiment}",
    doi = "10.22323/1.167.0010",
    journal = "PoS",
    volume = "Vertex2012",
    pages = "010",
    year = "2013"
}


% ALICE TECHNICAL DESIGN REPORT FOR THE UPGRADE
@article{ALICE:2013nwm,
    author = "Abelev, B and others",
    collaboration = "ALICE",
    title = "{Technical Design Report for the Upgrade of the ALICE Inner Tracking System}",
    reportNumber = "CERN-LHCC-2013-024, ALICE-TDR-017",
    doi = "10.1088/0954-3899/41/8/087002",
    journal = "J. Phys. G",
    volume = "41",
    pages = "087002",
    year = "2014"
}


% PROCESS MODIFICATION DMAPS
@article{SNOEYS201790,
    author = "Snoeys, W. and others",
    title = "{A process modification for CMOS monolithic active pixel sensors for enhanced depletion, timing performance and radiation tolerance}",
    doi = "10.1016/j.nima.2017.07.046",
    journal = "Nucl. Instrum. Meth. A",
    volume = "871",
    pages = "90--96",
    year = "2017"
}


% SOI DEVELOPMENTS
@article{Battaglia:2009qu,
    author = "Battaglia, Marco and Bisello, Dario and Contarato, Devis and Denes, Peter and Giubilato, Piero and Glesener, Lindsay and Mattiazzo, Serena and Vu, Chinh Qu",
    editor = "Rehm, K. Ernst and Back, Birger B. and Esbensen, Henning and Lister, C. J.",
    title = "{Monolithic Pixel Sensors in Deep-Submicron SOI Technology}",
    eprint = "0903.3205",
    archivePrefix = "arXiv",
    primaryClass = "physics.ins-det",
    doi = "10.1088/1748-0221/4/04/P04007",
    journal = "JINST",
    volume = "4",
    pages = "P04007",
    year = "2009"
}


% LARGE/SMALL ELECTRODE DESIGN
@article{Bespin:2020hge,
    author = "Bespin, C. and others",
    title = "{DMAPS Monopix developments in large and small electrode designs}",
    eprint = "2006.02297",
    archivePrefix = "arXiv",
    primaryClass = "physics.ins-det",
    doi = "10.1016/j.nima.2020.164460",
    journal = "Nucl. Instrum. Meth. A",
    volume = "978",
    pages = "164460",
    year = "2020"
}


%TJ-INVESTIGATOR CHIP
@article{AglieriRinella:2020rcb,
    author = "Aglieri Rinella, G. and others",
    title = "{Charge collection properties of TowerJazz 180nm~CMOS Pixel Sensors in dependence of pixel geometries and bias parameters, studied using a dedicated test-vehicle: The Investigator chip}",
    eprint = "2009.10517",
    archivePrefix = "arXiv",
    primaryClass = "physics.ins-det",
    doi = "10.1016/j.nima.2020.164859",
    journal = "Nucl. Instrum. Meth. A",
    volume = "988",
    pages = "164859",
    year = "2021"
}


% TJ1 AND TJ-MALTA1
@inproceedings{Moustakas:2017qqw,
    author = "Moustakas, K. and others",
    title = "{Development in a Novel CMOS Process for Depleted Monolithic Active Pixel Sensors}",
    booktitle = "{2017 IEEE Nuclear Science Symposium and Medical Imaging Conference}",
    doi = "10.1109/NSSMIC.2017.8533114",
    pages = "8533114",
    year = "2017"
}


% Radiation hardness of Monopix chips
@article{Caicedo:2019lrk,
    author = "Caicedo, I. and others",
    title = "{The Monopix chips: Depleted monolithic active pixel sensors with a column-drain read-out architecture for the ATLAS Inner Tracker upgrade}",
    eprint = "1902.03679",
    archivePrefix = "arXiv",
    primaryClass = "physics.ins-det",
    doi = "10.1088/1748-0221/14/06/C06006",
    journal = "JINST",
    volume = "14",
    number = "06",
    pages = "C06006",
    year = "2019"
}


% LATERAL ELECTRIC FIELD
@article{Munker_2019,
    author = "Munker, Magdalena and Benoit, Mathieu and Dannheim, Dominik and Fenigstein, Amos and Kugathasan, Thanushan and Leitner, Tomer and Pernegger, Heinz and Riedler, Petra and Snoeys, Walter",
    title = "{Simulations of CMOS pixel sensors with a small collection electrode, improved for a faster charge collection and increased radiation tolerance}",
    eprint = "1903.10190",
    archivePrefix = "arXiv",
    primaryClass = "physics.ins-det",
    doi = "10.1088/1748-0221/14/05/C05013",
    journal = "JINST",
    volume = "14",
    number = "05",
    pages = "C05013",
    year = "2019"
}


% CMOS Monolithic Pixel Sensors based on the Column-Drain Architecture
@article{Moustakas:2018ure,
    author = "Moustakas, K. and others",
    editor = "Batignani, Giovanni and Grassi, Marco and Paoletti, Riccardo and Retico, Alessandra and Signorelli, Giovanni and Spagnolo, Paolo",
    title = "{CMOS Monolithic Pixel Sensors based on the Column-Drain Architecture for the HL-LHC Upgrade}",
    eprint = "1809.03434",
    archivePrefix = "arXiv",
    primaryClass = "physics.ins-det",
    doi = "10.1016/j.nima.2018.09.100",
    journal = "Nucl. Instrum. Meth. A",
    volume = "936",
    pages = "604--607",
    year = "2019"
}


%TESI MOUSTAKAS
@phdthesis{Moustakas:2021gjr,
    author = "Moustakas, Konstantinos",
    title = "{Design and Development of Depleted Monolithic Active Pixel Sensors with Small Collection Electrode for High-Radiation Applications}",
    reportNumber = "CERN-THESIS-2021-146",
    school = "U. Bonn (main), Bonn U.",
    year = "2021",
    doi = "{\url{https://cds.cern.ch/record/2782279}}"
}


%P-ALPIDE FRONT-END OPTIMIZATION
@article{Kim:2016ktw,
    author = "Kim, D. and others",
    title = "{Front end optimization for the monolithic active pixel sensor of the ALICE Inner Tracking System upgrade}",
    doi = "10.1088/1748-0221/11/02/C02042",
    journal = "JINST",
    volume = "11",
    number = "02",
    pages = "C02042",
    year = "2016"
}







% FOURTH

% VTX ARTICLE
@article{BelleIIVTX:2023szr,
    author = "Babeluk, M. and others",
    collaboration = "Belle II VTX",
    title = "{CMOS MAPS upgrade for the Belle II Vertex Detector}",
    doi = "10.1016/j.nima.2023.168015",
    journal = "Nucl. Instrum. Meth. A",
    volume = "1048",
    pages = "168015",
    year = "2023"
}


%SIMULATION BATIGNA
@article{Belle-II:2023lba,
    author = "Batignani, G. and others",
    collaboration = "Belle-II",
    title = "{Simulation of an all-layer monolithic pixel vertex detector for the Belle II upgrade}",
    doi = "10.1016/j.nima.2022.167616",
    journal = "Nucl. Instrum. Meth. A",
    volume = "1045",
    pages = "167616",
    year = "2023"
}


%CDR Upgrade 2023
@article{F.Forti:3930,
    author="{F.Forti for Belle II}",
    title="{The Belle II Detector Upgrades Conceptual Design Report}",
    journal="{\url{https://docs.belle2.org/record/3930?ln=en}}",
    year="{2023}",
    month = "{Nov}"
}



& FIFTH


%Am241
@article{terada2016measurements,
  title={Measurements of gamma-ray emission probabilities of 241, 243Am and 239Np},
  author={Terada, Kazushi and Nakamura, Shoji and Nakao, Taro and Kimura, Atsushi and Iwamoto, Osamu and Harada, Hideo and Takamiya, Koichi and Hori, Jun-ichi},
  journal={Journal of Nuclear Science and Technology},
  volume={53},
  number={11},
  pages={1881--1888},
  year={2016},
  publisher={Taylor \& Francis},
  doi = "10.1080/00223131.2016.1174167"
}

@article{Barbero:2019bkw,
    author = "Barbero, M. and others",
    title = "{Radiation hard DMAPS pixel sensors in 150 nm CMOS technology for operation at LHC}",
    eprint = "1911.01119",
    archivePrefix = "arXiv",
    primaryClass = "physics.ins-det",
    doi = "10.1088/1748-0221/15/05/P05013",
    journal = "JINST",
    volume = "15",
    number = "05",
    pages = "05",
    year = "2020"
}


@article{Workman:2022ynf,
    author = "Workman, R. L. and Others",
    collaboration = "Particle Data Group",
    title = "{Review of Particle Physics}",
    doi = "10.1093/ptep/ptac097",
    journal = "PTEP",
    volume = "2022",
    pages = "083C01",
    year = "2022"
}

@article{Bespin:2023vyw,
    author = "Bespin, Christian and others",
    title = "{Charge collection and efficiency measurements of the TJ-Monopix2 DMAPS in 180 nm CMOS technology}",
    eprint = "2301.13638",
    archivePrefix = "arXiv",
    primaryClass = "physics.ins-det",
    doi = "10.22323/1.420.0080",
    journal = "PoS",
    volume = "Pixel2022",
    pages = "080",
    year = "2023"
}

@article{Diener:2018qap,
    author = "Diener, R. and others",
    title = "{The DESY II Test Beam Facility}",
    eprint = "1807.09328",
    archivePrefix = "arXiv",
    primaryClass = "physics.ins-det",
    reportNumber = "DESY 18-111, DESY-18-111",
    doi = "10.1016/j.nima.2018.11.133",
    journal = "Nucl. Instrum. Meth. A",
    volume = "922",
    pages = "265--286",
    year = "2019"
}


% MARIKE ARTICLE
@inproceedings{BelleIIVTXUpgradeGroup:2023isk,
    author = "Schwickardi, M. and others",
    collaboration = "Belle II VTX Upgrade Group",
    title = "{Upgrade of Belle II Vertex Detector with CMOS Pixel Technology}",
    booktitle = "{24th international Workshop on Radiation Imaging Detectors}",
    eprint = "2311.13360",
    archivePrefix = "arXiv",
    primaryClass = "physics.ins-det",
    month = "11",
    year = "2023"
}



































%-------------------------------------------------------
\begin{comment}

@article{einstein,
    author =       "Albert Einstein",
    title =        "{Zur Elektrodynamik bewegter K{\"o}rper}. ({German})
    [{On} the electrodynamics of moving bodies]",
    journal =      "Annalen der Physik",
    volume =       "322",
    number =       "10",
    pages =        "891--921",
    year =         "1905",
    DOI =          "http://dx.doi.org/10.1002/andp.19053221004",
    keywords =     "physics"
}

\end{comment}